% Encoding: UTF-8

@Article{Scaramuzza2011,
  author    = {Scaramuzza, Davide and Fraundorfer, Friedrich},
  title     = {Visual odometry [tutorial]},
  journal   = {IEEE robotics \& automation magazine},
  year      = {2011},
  volume    = {18},
  number    = {4},
  pages     = {80--92},
  publisher = {IEEE},
}

@Article{Fraundorfer2012,
  author    = {Fraundorfer, Friedrich and Scaramuzza, Davide},
  title     = {Visual odometry: Part ii: Matching, robustness, optimization, and applications},
  journal   = {IEEE Robotics \& Automation Magazine},
  year      = {2012},
  volume    = {19},
  number    = {2},
  pages     = {78--90},
  publisher = {IEEE},
}

@InProceedings{Nister2004,
  author       = {Nist{\'e}r, David and Naroditsky, Oleg and Bergen, James},
  title        = {Visual odometry},
  booktitle    = {Proceedings of the 2004 IEEE Computer Society Conference on Computer Vision and Pattern Recognition, 2004. CVPR 2004.},
  year         = {2004},
  volume       = {1},
  pages        = {I--I},
  organization = {Ieee},
}

@Article{Dornhege2006,
  author = {Dornhege, Christian and Kleiner, Alexander},
  title  = {Visual odometry for tracked vehicles},
  year   = {2006},
}

@InProceedings{Mouragnon2006,
  author       = {Mouragnon, Etienne and Lhuillier, Maxime and Dhome, Michel and Dekeyser, Fabien and Sayd, Patrick},
  title        = {Real time localization and 3d reconstruction},
  booktitle    = {2006 IEEE Computer Society Conference on Computer Vision and Pattern Recognition (CVPR'06)},
  year         = {2006},
  volume       = {1},
  pages        = {363--370},
  organization = {IEEE},
}

@Article{Gauglitz2011,
  author    = {Gauglitz, Steffen and H{\"o}llerer, Tobias and Turk, Matthew},
  title     = {Evaluation of interest point detectors and feature descriptors for visual tracking},
  journal   = {International journal of computer vision},
  year      = {2011},
  volume    = {94},
  number    = {3},
  pages     = {335},
  publisher = {Springer},
}

@Article{Ess2009,
  author    = {Ess, Andreas and Leibe, Bastian and Schindler, Konrad and Van Gool, Luc},
  title     = {Robust multiperson tracking from a mobile platform},
  journal   = {IEEE Transactions on Pattern Analysis and Machine Intelligence},
  year      = {2009},
  volume    = {31},
  number    = {10},
  pages     = {1831--1846},
  publisher = {IEEE},
}

@InProceedings{Persson2015,
  author       = {Persson, Mikael and Piccini, Tommaso and Felsberg, Michael and Mester, Rudolf},
  title        = {Robust stereo visual odometry from monocular techniques},
  booktitle    = {2015 IEEE Intelligent Vehicles Symposium (IV)},
  year         = {2015},
  pages        = {686--691},
  organization = {IEEE},
}

@InProceedings{Linegar2016,
  author       = {Linegar, Chris and Churchill, Winston and Newman, Paul},
  title        = {Made to measure: Bespoke landmarks for 24-hour, all-weather localisation with a camera},
  booktitle    = {2016 IEEE International Conference on Robotics and Automation (ICRA)},
  year         = {2016},
  pages        = {787--794},
  organization = {IEEE},
}

@InProceedings{Hu2014,
  author       = {Hu, Jwu-Sheng and Chen, Ming-Yuan},
  title        = {A sliding-window visual-imu odometer based on tri-focal tensor geometry},
  booktitle    = {2014 IEEE international conference on Robotics and automation (ICRA)},
  year         = {2014},
  pages        = {3963--3968},
  organization = {IEEE},
}

@Article{Scaramuzza2008,
  author    = {Scaramuzza, Davide and Siegwart, Roland},
  title     = {Appearance-guided monocular omnidirectional visual odometry for outdoor ground vehicles},
  journal   = {IEEE transactions on robotics},
  year      = {2008},
  volume    = {24},
  number    = {5},
  pages     = {1015--1026},
  publisher = {IEEE},
}

@InProceedings{Cvisic2015,
  author       = {Cvi{\v{s}}i{\'c}, Igor and Petrovi{\'c}, Ivan},
  title        = {Stereo odometry based on careful feature selection and tracking},
  booktitle    = {2015 European Conference on Mobile Robots (ECMR)},
  year         = {2015},
  pages        = {1--6},
  organization = {IEEE},
}

@Article{Mur-Artal2015,
  author   = {R. {Mur-Artal} and J. M. M. {Montiel} and J. D. {Tardós}},
  title    = {ORB-{SLAM}: A Versatile and Accurate Monocular {SLAM} System},
  journal  = {IEEE Transactions on Robotics},
  year     = {2015},
  volume   = {31},
  number   = {5},
  pages    = {1147--1163},
  month    = oct,
  issn     = {1552-3098},
  doi      = {10.1109/TRO.2015.2463671},
  keywords = {SLAM (robots), ORB-SLAM system, feature-based monocular simultaneous localization and mapping system, survival of the fittest strategy, Simultaneous localization and mapping, Cameras, Optimization, Feature extraction, Visualization, Real-time systems, Computational modeling, Lifelong mapping, localization, monocular vision, recognition, simultaneous localization and mapping (SLAM), Lifelong mapping, localization, monocular vision, recognition, simultaneous localization and mapping (SLAM)},
}

@InProceedings{Karlsson2005,
  author    = {N. {Karlsson} and E. {di Bernardo} and J. {Ostrowski} and L. {Goncalves} and P. {Pirjanian} and M. E. {Munich}},
  title     = {The vSLAM Algorithm for Robust Localization and Mapping},
  booktitle = {Proc. IEEE Int. Conf. Robotics and Automation},
  year      = {2005},
  pages     = {24--29},
  month     = apr,
  doi       = {10.1109/ROBOT.2005.1570091},
  issn      = {1050-4729},
  keywords  = {SLAM, vision, Particle filter, Kalman filter, Mixed proposal distribution, Robustness, Simultaneous localization and mapping, Robot sensing systems, Navigation, Computer vision, Proposals, Cameras, Robot vision systems, Particle filters, Mobile robots, SLAM, vision, Particle filter, Kalman filter, Mixed proposal distribution},
}

@Article{An2010,
  author   = {M. {An} and Z. {Jiang} and D. {Zhao}},
  title    = {High speed robust image registration and localization using optimized algorithm and its performances evaluation},
  journal  = {Journal of Systems Engineering and Electronics},
  year     = {2010},
  volume   = {21},
  number   = {3},
  pages    = {520--526},
  month    = jun,
  issn     = {1004-4132},
  doi      = {10.3969/j.issn.1004-4132.2010.03.026},
  keywords = {Feature extraction, Cameras, Robustness, Image registration, Remote sensing, Lighting, Transmission line matrix methods, local invariant features, speeded up robust feature (SURF), Harris corner, Kanada-Lucas-Tomasi (KLT) transform, Coplanar camera calibration algorithm, landmarks},
}

@InProceedings{Hartmann2013,
  author    = {J. {Hartmann} and J. H. {Klüssendorff} and E. {Maehle}},
  title     = {A comparison of feature descriptors for visual {SLAM}},
  booktitle = {Proc. European Conf. Mobile Robots},
  year      = {2013},
  pages     = {56--61},
  month     = sep,
  doi       = {10.1109/ECMR.2013.6698820},
  keywords  = {cameras, feature extraction, gradient methods, graph theory, motion estimation, SLAM (robots), transforms, feature detection, feature description, visual simultaneous localization and mapping, camera motion estimation, visual odometry, place recognition, loop closure, gradient histogram-based feature descriptors, SIFT, SURF, binary descriptors, BRIEF, BRISK, graph-based VSLAM algorithm, publicly available datasets, visual features, scale-invariant feature transform, speeded-up robust feature, binary robust independent elementary feature, binary robust invariant scalable keypoints, Feature extraction, Simultaneous localization and mapping, Visualization, Cameras, Accuracy, Detectors, Mobile robots},
}

@InProceedings{Barfoot2005,
  author    = {T. D. {Barfoot}},
  title     = {Online visual motion estimation using FastSLAM with SIFT features},
  booktitle = {Proc. IEEE/RSJ Int. Conf. Intelligent Robots and Systems},
  year      = {2005},
  pages     = {579--585},
  month     = aug,
  doi       = {10.1109/IROS.2005.1545444},
  issn      = {2153-0858},
  keywords  = {planetary rovers, distance measurement, robot vision, space vehicles, motion estimation, aerospace robotics, position control, motion control, online visual motion estimation, FastSLAM, SIFT features, vehicle 3D motion, odometric sensors, stereo camera, rover traversing loose terrain, position estimation, Scale Invariant Feature Transform, Motion estimation, Testing, Spatial databases, Global Positioning System, Image databases, Cameras, Remotely operated vehicles, Mobile robots, Space missions, Airports},
}

@InProceedings{Li2012,
  author    = {X. {Li} and N. {Aouf} and A. {Nemra}},
  title     = {{3D} mapping based VSLAM for UAVs},
  booktitle = {Proc. 20th Mediterranean Conf. Control Automation (MED)},
  year      = {2012},
  pages     = {348--352},
  month     = jul,
  doi       = {10.1109/MED.2012.6265662},
  keywords  = {aerospace computing, autonomous aerial vehicles, feature extraction, image texture, iterative methods, robot vision, SLAM (robots), stereo image processing, 3D mapping based VSLAM, UAV, 3D texture mapping, visual simultaneous localization and mapping, unmanned aerial vehicle, landmark selection strategy, feature detection methods, scale invariant feature transform, SIFT, speed up robust features, SURF, feature selection, stereo views, RANSAC, visualized views, random sample consensus, Feature extraction, Cameras, Vectors, Solid modeling, Surface texture, Estimation},
}

@InProceedings{Goncalves2005,
  author    = {L. {Goncalves} and E. {di Bernardo} and D. {Benson} and M. {Svedman} and J. {Ostrowski} and N. {Karlsson} and P. {Pirjanian}},
  title     = {A Visual Front-end for Simultaneous Localization and Mapping},
  booktitle = {Proc. IEEE Int. Conf. Robotics and Automation},
  year      = {2005},
  pages     = {44--49},
  month     = apr,
  abstract  = {We describe a method of generating and utilizing visual landmarks that is well suited for SLAM applications. The landmarks created are highly distinctive and reliably detected, virtually eliminating the data association problem present in other landmark schemes. Upon subsequent detections of a landmark, a 3-D pose can be estimated. The scheme requires a single camera.},
  doi       = {10.1109/ROBOT.2005.1570094},
  issn      = {1050-4729},
  keywords  = {SLAM, vision-based landmarks, SIFT-features, landmark detection, pose estimation, Simultaneous localization and mapping, Image recognition, Object recognition, Robot vision systems, Cameras, Robustness, Robot sensing systems, Mobile robots, Sonar, Power generation, SLAM, vision-based landmarks, SIFT-features, landmark detection, pose estimation},
}

@Article{Mikolajczyk2005,
  author   = {K. {Mikolajczyk} and C. {Schmid}},
  title    = {A performance evaluation of local descriptors},
  journal  = {IEEE Transactions on Pattern Analysis and Machine Intelligence},
  year     = {2005},
  volume   = {27},
  number   = {10},
  pages    = {1615--1630},
  month    = oct,
  issn     = {0162-8828},
  doi      = {10.1109/TPAMI.2005.188},
  keywords = {filtering theory, correlation methods, image matching, image classification, performance evaluation, local descriptors, image transformations, steerable filters, spin images, complex filters, moment invariants, cross-correlation, image matching, Detectors, Filters, Robustness, Image recognition, Information retrieval, Image retrieval, Performance evaluation, Layout, Image databases, Spatial databases, Index Terms- Local descriptors, interest points, interest regions, invariance, matching, recognition., Algorithms, Artificial Intelligence, Computer Simulation, Data Interpretation, Statistical, Image Enhancement, Image Interpretation, Computer-Assisted, Information Storage and Retrieval, Models, Statistical, Pattern Recognition, Automated, Software, Software Validation},
}

@InProceedings{Lankinen2012,
  author    = {J. {Lankinen} and V. {Kangas} and J. {Kamarainen}},
  title     = {A comparison of local feature detectors and descriptors for visual object categorization by intra-class repeatability and matching},
  booktitle = {Proc. 21st Int. Conf. Pattern Recognition (ICPR2012)},
  year      = {2012},
  pages     = {780--783},
  month     = nov,
  issn      = {1051-4651},
  keywords  = {computer vision, feature extraction, image matching, local feature detector, local feature descriptor, visual object categorization, intra-class repeatability, intra-class matching, ad hoc evaluations, repeatability performance measures, matching performance measures, evaluation framework, Caltech-101 dataset, object category level repeatability, Detectors, Visualization, Feature extraction, Robustness, Computer vision, Standards, Performance evaluation},
}

@InProceedings{Marouane2016,
  author    = {C. {Marouane} and M. {Maier} and A. {Leupold} and C. {Linnhoff-Popien}},
  title     = {Visual odometry using motion vectors from visual feature points},
  booktitle = {Proc. Int. Conf. Indoor Positioning and Indoor Navigation (IPIN)},
  year      = {2016},
  pages     = {1--8},
  month     = oct,
  doi       = {10.1109/IPIN.2016.7743646},
  issn      = {2471-917X},
  keywords  = {cameras, indoor navigation, pedestrians, SLAM (robots), video signal processing, indoor positioning system, location-based services, motion vector, visual feature points, visual localization system, reference image prerecorded database, query image, pedestrian relative movement estimation, visual odometry system, mobile device, camera, simultaneous localization and mapping system, SLAM system, video stream, two-dimensional trajectory, Visualization, Cameras, Feature extraction, Streaming media, Trajectory, Simultaneous localization and mapping, Vehicles},
}

@Article{Kimmel2011,
  author   = {R. {Kimmel} and C. {Zhang} and A. {Bronstein} and M. {Bronstein}},
  title    = {Are MSER Features Really Interesting?},
  journal  = {IEEE Transactions on Pattern Analysis and Machine Intelligence},
  year     = {2011},
  volume   = {33},
  number   = {11},
  pages    = {2316--2320},
  month    = nov,
  issn     = {0162-8828},
  doi      = {10.1109/TPAMI.2011.133},
  keywords = {computer vision, feature extraction, MSER features, affine-invariant feature detection, affine-invariant feature description, computer vision applications, maximally stable extremal regions, curvature scale space, invariance properties, Shape, Level set, Feature extraction, Stability criteria, Image edge detection, Detectors, MSER, feature detector, affine invariance, stable region, correspondence.},
}

@InProceedings{Baeuml2011,
  author    = {M. {Bäuml} and R. {Stiefelhagen}},
  title     = {Evaluation of local features for person re-identification in image sequences},
  booktitle = {Proc. 8th IEEE Int. Conf. Advanced Video and Signal Based Surveillance (AVSS)},
  year      = {2011},
  pages     = {291--296},
  month     = aug,
  doi       = {10.1109/AVSS.2011.6027339},
  keywords  = {image sequences, local feature evaluation, person reidentification, image sequences, interest point detectors, GLOH, SIFT, SURF descriptors, shape context descriptors, Hessian-Laplace detector, Hessian-affine invariant region detectors, Harris-affine detectors, Silicon, Principal component analysis},
}

@InProceedings{Badino2013,
  author    = {H. {Badino} and A. {Yamamoto} and T. {Kanade}},
  title     = {Visual Odometry by Multi-frame Feature Integration},
  booktitle = {Proc. IEEE Int. Conf. Computer Vision Workshops},
  year      = {2013},
  pages     = {222--229},
  month     = dec,
  doi       = {10.1109/ICCVW.2013.37},
  keywords  = {cameras, feature extraction, image sequences, motion estimation, object tracking, optimisation, pose estimation, stereo image processing, multiframe feature integration, stereo-based visual odometry approach, indoor environment, outdoor environment, optical flow, stereo disparity, re-projection error minimization, feature point tracking, camera motion, feature measuring, augmented feature set, optimization algorithm, computed motion accuracy improvement, ego-motion drift reduction, pose error reduction, computational cost, KITTI Vision benchmark data set, Tracking, Visualization, Feature extraction, Equations, Cameras, Mathematical model, Optimization, visual odometry, stereo, optical flow, feature integration, multi-frame integration, feature tracking, keypoint, disparity},
}

@InProceedings{Alcantarilla2012,
  author    = {P. F. {Alcantarilla} and J. J. {Yebes} and J. {Almazán} and L. M. {Bergasa}},
  title     = {On combining visual {SLAM} and dense scene flow to increase the robustness of localization and mapping in dynamic environments},
  booktitle = {Proc. IEEE Int. Conf. Robotics and Automation},
  year      = {2012},
  pages     = {1290--1297},
  month     = may,
  doi       = {10.1109/ICRA.2012.6224690},
  issn      = {1050-4729},
  keywords  = {cameras, feature extraction, Global Positioning System, handicapped aids, image motion analysis, object detection, localization-mapping robustness, visual SLAM applications, static features, camera egomotion, crowded real-world dynamic environments, dense scene flow representation, moving object detection, visually impaired users, Atocha railway station, Alcalá de Henares, Madrid, Spain, GPS-based approach, Visualization, Simultaneous localization and mapping, Cameras, Vectors, Optical imaging, Feature extraction, Robustness},
}

@Article{Konolige2008,
  author   = {K. {Konolige} and M. {Agrawal}},
  title    = {FrameSLAM: From Bundle Adjustment to Real-Time Visual Mapping},
  journal  = {IEEE Transactions on Robotics},
  year     = {2008},
  volume   = {24},
  number   = {5},
  pages    = {1066--1077},
  month    = oct,
  issn     = {1552-3098},
  doi      = {10.1109/TRO.2008.2004832},
  keywords = {computer vision, data visualisation, image registration, SLAM (robots), real-time visual mapping, bundle adjustment, FrameSLAM, indoor mapping techniques, frame-to-frame matching, visual imagery, data association, local registration, Skeleton, Simultaneous localization and mapping, Motion estimation, Nonlinear systems, Real time systems, Layout, Computer vision, Spine, Large-scale systems, Mobile robots, Visual mapping, visual odometry, visual SLAM, Visual mapping, visual odometry, visual SLAM},
}

@InProceedings{Williams2007,
  author    = {B. {Williams} and G. {Klein} and I. {Reid}},
  title     = {Real-Time {SLAM} Relocalisation},
  booktitle = {Proc. IEEE 11th Int. Conf. Computer Vision},
  year      = {2007},
  pages     = {1--8},
  month     = oct,
  doi       = {10.1109/ICCV.2007.4409115},
  issn      = {1550-5499},
  keywords  = {image recognition, image restoration, image sequences, mobile robots, optical tracking, robot vision, SLAM (robots), real-time monocular SLAM relocalisation, automatic tracking failure detection, automatic tracking failure recovery, image recognition, image sequence, Simultaneous localization and mapping, Robot vision systems, Cameras, Robot sensing systems, Robotics and automation, Augmented reality, Robustness, Laboratories, Tracking, Resumes},
}

@InProceedings{Engel2013,
  author    = {J. {Engel} and J. {Sturm} and D. {Cremers}},
  title     = {Semi-dense Visual Odometry for a Monocular Camera},
  booktitle = {Proc. IEEE Int. Conf. Computer Vision},
  year      = {2013},
  pages     = {1449--1456},
  month     = dec,
  doi       = {10.1109/ICCV.2013.183},
  issn      = {1550-5499},
  keywords  = {cameras, Gaussian distribution, image motion analysis, semidense visual odometry, monocular camera, real-time visual odometry, dense tracking accuracy, CPU, semidense inverse depth map estimation, camera motion tracking, dense image alignment, pixel depth estimation, image gradient, Gaussian probability distribution, computational speed, feature-based visual odometry, SLAM algorithm, robotics application, augmented reality application, Cameras, Visualization, Accuracy, Real-time systems, Noise, Simultaneous localization and mapping, Robustness, SLAM, visual odometry, monocular, dense, stereo},
}

@InProceedings{Chen2017,
  author    = {B. {Chen} and C. {Liu} and Y. {Tong} and Q. {Wu}},
  title     = {Robust RGB-D Visual Odometry Based on Planar Features},
  booktitle = {Proc. and Intelligent Systems (CYBER) 2017 IEEE 7th Annual Int. Conf. CYBER Technology in Automation, Control},
  year      = {2017},
  pages     = {449--453},
  month     = jul,
  doi       = {10.1109/CYBER.2017.8446592},
  keywords  = {1/f noise, Conferences, Automation, Control systems, Intelligent systems, 5G mobile communication},
}

@Article{Forster2017,
  author        = {C. {Forster} and Z. {Zhang} and M. {Gassner} and M. {Werlberger} and D. {Scaramuzza}},
  title         = {SVO: Semidirect Visual Odometry for Monocular and Multicamera Systems},
  journal       = {IEEE Transactions on Robotics},
  year          = {2017},
  volume        = {33},
  number        = {2},
  pages         = {249--265},
  month         = apr,
  issn          = {1552-3098},
  __markedentry = {[s182354:]},
  doi           = {10.1109/TRO.2016.2623335},
  keywords      = {image texture, sensor fusion, semidirect visual odometry, high-frequency texture, probabilistic depth estimation algorithm, feature-based methods, image intensity gradients, SVO, monocular systems, multicamera systems, Cameras, Feature extraction, Robustness, Tracking, Visualization, Real-time systems, Optimization, Robot vision, simultaneous localization and mapping (SLAM)},
}

@InProceedings{Hu2012,
  author        = {G. {Hu} and S. {Huang} and L. {Zhao} and A. {Alempijevic} and G. {Dissanayake}},
  title         = {A robust RGB-D {SLAM} algorithm},
  booktitle     = {Proc. IEEE/RSJ Int. Conf. Intelligent Robots and Systems},
  year          = {2012},
  pages         = {1714--1719},
  month         = oct,
  __markedentry = {[s182354:6]},
  doi           = {10.1109/IROS.2012.6386103},
  issn          = {2153-0866},
  keywords      = {computational geometry, image colour analysis, image sensors, mobile robots, optimisation, robot vision, SLAM (robots), robust RGB-D SLAM algorithm, simultaneous localisation-and-mapping, RGB-D sensors, 3D information, RGB-D cameras, office type environments, geometrically structured environments, switching based algorithm, RGB-BA based local maps building, RGBD-BA based local maps building, consistent optimisation approach, low cost optimisation approach, mobile robot, Cameras, Simultaneous localization and mapping, Iterative closest point algorithm, Switches, Visualization, Optimization},
}

@Comment{jabref-meta: databaseType:bibtex;}
